@misc{MythTVWebsite,
    author = {{MythTV Community}},
    title = {MythTV Modeline Database},
    year = {2015},
    month={October},
    howpublished= "\url{https://www.mythtv.org/wiki/Modeline_Database}"
}}

@misc{DDWG1999,
    author = {{Digital Display Working Group}},
    title = {Digital Visual Interface},
    year = {1999},
    month={April},
    howpublished= "\url{http://www.cs.unc.edu/~stc/FAQs/Video/dvi_spec-V1_0.pdf}"
}}

@misc{HDMIForum2018,
    author = {{HDMI Forum}},
    title = {HDMI FORUM RELEASES VERSION 2.1 OF THE HDMI SPECIFICATION},
    year = {2018},
    month={November},
    howpublished= "\url{https://hdmiforum.org/wp-content/uploads/2017/11/Press-Release-HDMI-2.1-20171128-EN.pdf}"
}}

@misc{VESA2016,
    author = {{VISA}},
    title = {VESA PUBLISHES DISPLAYPORTâ„¢ STANDARD VERSION 1.4},
    year = {2016},
    month={March},
    howpublished= "\url{https://vesa.org/featured-articles/vesa-publishes-displayport-standard-version-1-4/}"
}}

@misc{NVIDIAGsync,
    author = {{NVIDIA}},
    title = {GeForce G-SYNC},
    year = {2019},
    month={February},
    howpublished= "\url{https://developer.nvidia.com/g-sync}"
}}

@misc{AMDFreesync,
    author = {{AMD}},
    title = {Radeon FreeSync Technology},
    year = {2019},
    month={February},
    howpublished= "\url{https://www.amd.com/en/technologies/free-sync}"
}}

@misc{NIAnalog,
    author = {{National Instruments}},
    title = {Analog Video 101},
    year = {2018},
    month={May},
    howpublished= "\url{http://www.ni.com/white-paper/4750/en/}"
}}

@misc{Neal1998,
    author = {J. D. Neal},
    title = {Hardware Level VGA and SVGA Video Programming Information Page},
    year = {1998},
    howpublished= "\url{http://www.osdever.net/FreeVGA/vga/crtcreg.htm}"
}}
