%%%%% Full OS

@inproceedings{SterlingEtAl95,
  author    = {Thomas L. Sterling and
               Daniel Savarese and
               Donald J. Becker and
               John E. Dorband and
               Udaya A. Ranawake and
               Charles V. Packer},
  title     = {BEOWULF: A Parallel Workstation for Scientific Computation},
  booktitle = {ICPP (1)},
  year      = {1995},
  pages     = {11-14},
  bibsource = {DBLP, http://dblp.uni-trier.de}
}

%%%%% LightWeight Kernel

@INPROCEEDINGS{GiampapaEtAl10, 
author={Giampapa, M. and Gooding, T. and Inglett, T. and Wisniewski, R.W.}, 
booktitle={High Performance Computing, Networking, Storage and Analysis (SC), 2010 International Conference for}, 
title={Experiences with a Lightweight Supercomputer Kernel: Lessons Learned from Blue Gene's CNK}, 
year={2010}, 
pages={1-10}, 
keywords={Linux;multiprocessing systems;parallel machines;Blue Gene CNK;Blue Gene/P;HPC;Linux environment;exascale generation;lightweight supercomputer kernel;petascale computing;Cloning;Hardware;Kernel;Libraries;Linux;Noise;Supercomputers}, 
doi={10.1109/SC.2010.22},}

@article {BallesterosEtAl12,
author = {Ballesteros, Francisco J. and Evans, Noah and Forsyth, Charles and Guardiola, Gorka and McKie, Jim and Minnich, Ron and Soriano-Salvador, Enrique},
title = {NIX: A Case for a Manycore System for Cloud Computing},
journal = {Bell Labs Technical Journal},
volume = {17},
number = {2},
publisher = {Wiley Subscription Services, Inc., A Wiley Company},
issn = {1538-7305},
url = {http://dx.doi.org/10.1002/bltj.21543},
doi = {10.1002/bltj.21543},
pages = {41--54},
year = {2012},
}


%%%%% MicroKernel

@INPROCEEDINGS{SachaEtAl12, 
author={Sacha, J. and Napper, J. and Mullender, S. and McKie, J.}, 
booktitle={Dependable Systems and Networks Workshops (DSN-W), 2012 IEEE/IFIP 42nd International Conference on}, 
title={Osprey: Operating system for predictable clouds}, 
year={2012}, 
pages={1-6}, 
keywords={Linux;cloud computing;microcontrollers;real-time systems;resource allocation;scheduling;software maintenance;user interfaces;virtual machines;virtualisation;ARM;Linux library OS;OS emulation;Osprey;PowerPC;backward compatibility;cloud computing;dependable computing;guest operating system;hardware virtualization;host operating system;kernel elimination;kernel-based packet filter;latency-sensitive applications;legacy software;mobility support;nonlinear guest OS;packet dispatching;physical hardware;predictable clouds;real-time applications;real-time execution guarantees;real-time scheduler;resource containers;runtime environments;single cloud operating system;system resource management;unpredictability;virtual machine interface;x86 architecture;Containers;Hardware;Kernel;Libraries;Message systems;Real time systems;cloud;predictability;real-time;virtualization}, 
doi={10.1109/DSNW.2012.6264689},}

@inproceedings{NightingaleEtAl09,
 author = {Nightingale, Edmund B. and Hodson, Orion and McIlroy, Ross and Hawblitzel, Chris and Hunt, Galen},
 title = {Helios: heterogeneous multiprocessing with satellite kernels},
 booktitle = {Proceedings of the ACM SIGOPS 22nd symposium on Operating systems principles},
 series = {SOSP '09},
 year = {2009},
 isbn = {978-1-60558-752-3},
 location = {Big Sky, Montana, USA},
 pages = {221--234},
 numpages = {14},
 url = {http://doi.acm.org/10.1145/1629575.1629597},
 doi = {10.1145/1629575.1629597},
 acmid = {1629597},
 publisher = {ACM},
 address = {New York, NY, USA},
 keywords = {heterogeneous computing, operating systems},
}

@ARTICLE{AppavooEtAl05, 
author={Appavoo, J. and Auslander, M. and Butrico, M. and Da Silva, D.M. and Krieger, O. and Mergen, M. F. and Ostrowski, M. and Rosenburg, B. and Wisniewski, R.W. and Xenidis, J.}, 
journal={IBM Systems Journal}, 
title={Experience with K42, an open-source, Linux-compatible, scalable operating-system kernel}, 
year={2005}, 
volume={44}, 
number={2}, 
pages={427-440}, 
doi={10.1147/sj.442.0427}, 
ISSN={0018-8670},}

@inproceedings{KriegerEtAl06,
 author = {Krieger, Orran and Auslander, Marc and Rosenburg, Bryan and Wisniewski, Robert W. and Xenidis, Jimi and Da Silva, Dilma and Ostrowski, Michal and Appavoo, Jonathan and Butrico, Maria and Mergen, Mark and Waterland, Amos and Uhlig, Volkmar},
 title = {K42: building a complete operating system},
 booktitle = {Proceedings of the 1st ACM SIGOPS/EuroSys European Conference on Computer Systems 2006},
 series = {EuroSys '06},
 year = {2006},
 isbn = {1-59593-322-0},
 location = {Leuven, Belgium},
 pages = {133--145},
 numpages = {13},
 url = {http://doi.acm.org/10.1145/1217935.1217949},
 doi = {10.1145/1217935.1217949},
 acmid = {1217949},
 publisher = {ACM},
 address = {New York, NY, USA},
 keywords = {customizable operating systems, operating system design, scalable operating systems},
} 


%%%%% Runtime OS 

@inproceedings{AmmonsEtAl07,
 author = {Ammons, Glenn and Appavoo, Jonathan and Butrico, Maria and Da Silva, Dilma and Grove, David and Kawachiya, Kiyokuni and Krieger, Orran and Rosenburg, Bryan and Van Hensbergen, Eric and Wisniewski, Robert W.},
 title = {Libra: a library operating system for a jvm in a virtualized execution environment},
 booktitle = {Proceedings of the 3rd international conference on Virtual execution environments},
 series = {VEE '07},
 year = {2007},
 isbn = {978-1-59593-630-1},
 location = {San Diego, California, USA},
 pages = {44--54},
 numpages = {11},
 url = {http://doi.acm.org/10.1145/1254810.1254817},
 doi = {10.1145/1254810.1254817},
 acmid = {1254817},
 publisher = {ACM},
 address = {New York, NY, USA},
 keywords = {JVM, exokernels, virtualization, xen},
} 


%%%%% Hybrid

@article{MinnichEtAl06,
 author = {Minnich, Ronald G. and Sottile, Matthew J. and Choi, Sung-Eun and Hendriks, Erik and McKie, Jim},
 title = {Right-weight kernels: an off-the-shelf alternative to custom light-weight kernels},
 journal = {SIGOPS Oper. Syst. Rev.},
 issue_date = {April 2006},
 volume = {40},
 number = {2},
 month = apr,
 year = {2006},
 issn = {0163-5980},
 pages = {22--28},
 numpages = {7},
 url = {http://doi.acm.org/10.1145/1131322.1131331},
 doi = {10.1145/1131322.1131331},
 acmid = {1131331},
 publisher = {ACM},
 address = {New York, NY, USA},
} 

@INPROCEEDINGS{LangeEtAl10, 
author={Lange, J. and Pedretti, K. and Hudson, T. and Dinda, P. and Zheng Cui and Lei Xia and Bridges, P. and Gocke, A. and Jaconette, S. and Levenhagen, M. and Brightwell, R.}, 
booktitle={Parallel Distributed Processing (IPDPS), 2010 IEEE International Symposium on}, 
title={Palacios and Kitten: New high performance operating systems for scalable virtualized and native supercomputing}, 
year={2010}, 
pages={1-12}, 
keywords={operating systems (computers);storage management;virtual machines;AMD processor;Intel processor;Kitten;Palacios;hardware virtualization;high performance operating systems;large-scale supercomputing application;memory management;native supercomputing;open-source VMM;scalable virtualized supercomputing;virtualized environment;Application virtualization;Environmental management;Hardware;Laboratories;Large-scale systems;Memory management;Open source software;Operating systems;Platform virtualization;Supercomputers;high performance computing;lightweight kernels;parallel computing;virtual machine monitors}, 
doi={10.1109/IPDPS.2010.5470482}, 
ISSN={1530-2075},}

@INPROCEEDINGS{ParkEtAl12, 
author={Yoonho Park and Van Hensbergen, E. and Hillenbrand, M. and Inglett, T. and Rosenburg, B. and Kyung Dong Ryu and Wisniewski, R.W.}, 
booktitle={Computer Architecture and High Performance Computing (SBAC-PAD), 2012 IEEE 24th International Symposium on}, 
title={FusedOS: Fusing LWK Performance with FWK Functionality in a Heterogeneous Environment}, 
year={2012}, 
pages={211-218}, 
keywords={Linux;multiprocessing systems;operating system kernels;parallel machines;resource allocation;virtual machines;Blue Gene/Q;CNK;FWK functionality;FusedOS architecture;LWK performance fusion;Linux;compute library;cross-core system service delegation;full-weight kernel approach;general-purpose operating system;heterogeneous environment;high performance computing;kernel code base;light-weight kernel approach;multicore heterogeneous system;performance characteristics;resource partitioning;scalable HPC operating environment;virtual machine monitor;Hardware;Instruction sets;Kernel;Linux;Monitoring;Noise;Prototypes;HPC;Kernel;Operating System}, 
doi={10.1109/SBAC-PAD.2012.14}, 
ISSN={1550-6533},}


%%%%% MISC -- to evaluate

@inproceedings{ChakrabortyWelSoh06,
 author = {Chakraborty, Koushik and Wells, Philip M. and Sohi, Gurindar S.},
 title = {Computation spreading: employing hardware migration to specialize CMP cores on-the-fly},
 booktitle = {Proceedings of the 12th international conference on Architectural support for programming languages and operating systems},
 series = {ASPLOS XII},
 year = {2006},
 isbn = {1-59593-451-0},
 location = {San Jose, California, USA},
 pages = {283--292},
 numpages = {10},
 url = {http://doi.acm.org/10.1145/1168857.1168893},
 doi = {10.1145/1168857.1168893},
 acmid = {1168893},
 publisher = {ACM},
 address = {New York, NY, USA},
 keywords = {cache locality, dynamic specialization},
} 

@article{Saez12,
 author = {Saez, Juan Carlos and Fedorova, Alexandra and Koufaty, David and Prieto, Manuel},
 title = {Leveraging Core Specialization via OS Scheduling to Improve Performance on Asymmetric Multicore Systems},
 journal = {ACM Trans. Comput. Syst.},
 issue_date = {April 2012},
 volume = {30},
 number = {2},
 month = apr,
 year = {2012},
 issn = {0734-2071},
 pages = {6:1--6:38},
 articleno = {6},
 numpages = {38},
 url = {http://doi.acm.org/10.1145/2166879.2166880},
 doi = {10.1145/2166879.2166880},
 acmid = {2166880},
 publisher = {ACM},
 address = {New York, NY, USA},
 keywords = {Asymmetric multicore, operating systems, scheduling},
} 

@inproceedings{AkkanLanLie12,
 author = {Akkan, Hakan and Lang, Michael and Liebrock, Lorie M.},
 title = {Stepping towards noiseless Linux environment},
 booktitle = {Proceedings of the 2nd International Workshop on Runtime and Operating Systems for Supercomputers},
 series = {ROSS '12},
 year = {2012},
 isbn = {978-1-4503-1460-2},
 location = {Venice, Italy},
 pages = {7:1--7:7},
 articleno = {7},
 numpages = {7},
 url = {http://doi.acm.org/10.1145/2318916.2318925},
 doi = {10.1145/2318916.2318925},
 acmid = {2318925},
 publisher = {ACM},
 address = {New York, NY, USA},
 keywords = {CPU partitioning, OS noise, OS scheduling},
} 

